@inproceedings{chan2016LAS,
	  title={Listen, attend and spell: A neural network for large vocabulary conversational speech recognition},
	    author={Chan, William and Jaitly, Navdeep and Le, Quoc and Vinyals, Oriol},
	      booktitle={IEEE International Conference on Acoustics, Speech and Signal Processing (ICASSP)},
	        pages={4960--4964},
		  year={2016},
		    organization={IEEE}
}

@article{watanabe2017attctc,
	  title={Hybrid {CTC}/attention architecture for end-to-end speech recognition},
	    author={Watanabe, Shinji and Hori, Takaaki and Kim, Suyoun and Hershey, John R and Hayashi, Tomoki},
	      journal={IEEE Journal of Selected Topics in Signal Processing},
	        volume={11},
		  number={8},
		    pages={1240--1253},
		      year={2017},
		        publisher={IEEE}
}

@article{gulcehre2015firstSFnDF,
  title={On using monolingual corpora in neural machine translation},
  author={Gulcehre, Caglar and Firat, Orhan and Xu, Kelvin and Cho, Kyunghyun and Barrault, Loic and Lin, Huei-Chi and Bougares, Fethi and Schwenk, Holger and Bengio, Yoshua},
  journal={arXiv preprint arXiv:1503.03535},
  year={2015}
}

@article{sriram2017coldfusion,
  title={Cold fusion: Training seq2seq models together with language models},
  author={Sriram, Anuroop and Jun, Heewoo and Satheesh, Sanjeev and Coates, Adam},
  journal={arXiv preprint arXiv:1708.06426},
  year={2017}
}

@article{toshniwal2018comparisonSFnDFnCF,
  title={A Comparison of Techniques for Language Model Integration in Encoder-Decoder Speech Recognition},
  author={Toshniwal, Shubham and Kannan, Anjuli and Chiu, Chung-Cheng and Wu, Yonghui and Sainath, Tara N and Livescu, Karen},
  journal={arXiv preprint arXiv:1807.10857},
  year={2018}
}
@inproceedings{chan2016LAS,
	  title={Listen, attend and spell: A neural network for large vocabulary conversational speech recognition},
	    author={Chan, William and Jaitly, Navdeep and Le, Quoc and Vinyals, Oriol},
	      booktitle={IEEE International Conference on Acoustics, Speech and Signal Processing (ICASSP)},
	        pages={4960--4964},
		  year={2016},
		    organization={IEEE}
}

@article{gulcehre2015firstSFnDF,
  title={On using monolingual corpora in neural machine translation},
  author={Gulcehre, Caglar and Firat, Orhan and Xu, Kelvin and Cho, Kyunghyun and Barrault, Loic and Lin, Huei-Chi and Bougares, Fethi and Schwenk, Holger and Bengio, Yoshua},
  journal={arXiv preprint arXiv:1503.03535},
  year={2015}
}

@article{sriram2017coldfusion,
  title={Cold fusion: Training seq2seq models together with language models},
  author={Sriram, Anuroop and Jun, Heewoo and Satheesh, Sanjeev and Coates, Adam},
  journal={arXiv preprint arXiv:1708.06426},
  year={2017}
}

@article{toshniwal2018comparisonSFnDFnCF,
  title={A Comparison of Techniques for Language Model Integration in Encoder-Decoder Speech Recognition},
  author={Toshniwal, Shubham and Kannan, Anjuli and Chiu, Chung-Cheng and Wu, Yonghui and Sainath, Tara N and Livescu, Karen},
  journal={arXiv preprint arXiv:1807.10857},
  year={2018}
}article{besacier2014automatic,
  title={Automatic speech recognition for under-resourced languages: A survey},
  author={Besacier, Laurent and Barnard, Etienne and Karpov, Alexey and Schultz, Tanja},
  journal={Speech Communication},
  volume={56},
  pages={85--100},
  year={2014},
  publisher={Elsevier}
}

@inproceedings{tuske2014multilingual,
  title={Multilingual MRASTA features for low-resource keyword search and speech recognition systems},
  author={Tuske, Zoltan and Nolden, David and Schluter, Ralf and Ney, Hermann},
  booktitle={IEEE International Conference on Acoustics, Speech and Signal Processing (ICASSP)},
  pages={7854--7858},
  year={2014},
}

@inproceedings{watanabe2017language,
  title={Language independent end-to-end architecture for joint language identification and speech recognition},
  author={Watanabe, Shinji and Hori, Takaaki and Hershey, John R},
  booktitle={Automatic Speech Recognition and Understanding Workshop (ASRU), 2017 IEEE},
  pages={265--271},
  year={2017},
  organization={IEEE}
}

@article{watanabe2018espnet,
  title={ESPnet: End-to-End Speech Processing Toolkit},
  author={Watanabe, Shinji and Hori, Takaaki and Karita, Shigeki and Hayashi, Tomoki and Nishitoba, Jiro and Unno, Yuya and Soplin, Nelson Enrique Yalta and Heymann, Jahn and Wiesner, Matthew and Chen, Nanxin and others},
  journal={arXiv preprint arXiv:1804.00015},
  year={2018}
}

@inproceedings{cieri2004fisher,
  title={The Fisher Corpus: a Resource for the Next Generations of Speech-to-Text.},
  author={Cieri, Christopher and Miller, David and Walker, Kevin},
  booktitle={LREC},
  volume={4},
  pages={69--71},
  year={2004}
}
@article{van2008visualizing,
  title={Visualizing data using t-SNE},
  author={Van der Maaten, Laurens and Hinton, Geoffrey},
  journal={Journal of Machine Learning Research},
  volume={9},
  number={2579-2605},
  pages={85},
  year={2008}
}
@INPROCEEDINGS{KarthickB,
author={Murali Karthick, B. and Umesh, S.},
booktitle={Spoken Language Technology Workshop (SLT), 2014 IEEE},
title={Improving deep neural networks using state projection vectors of subspace Gaussian mixture model as features},
year={2014},
month={Dec},
pages={129-134},
keywords={Gaussian processes;hidden Markov models;learning (artificial intelligence);mixture models;neural nets;speech processing;statistical analysis;DBN-DNN;HMM-GMM framework;LDA feature set;SGMM;TIMIT database;WSJ corpus;deep belief network training;deep neural networks;discriminative information extraction;hidden Markov model-Gaussian mixture model;linear discriminant analysis;low dimensional vector space;phoneme variation;phonetic context information;state projection vectors;state specific vector bottleneck feature set;subspace Gaussian mixture model;Acoustics;Feature extraction;Hidden Markov models;Neural networks;Speech;Training;Vectors;Deep neural network;SGMM;bottleneck features;state specific vectors},
doi={10.1109/SLT.2014.7078562},}
@inproceedings{vesely2011convolutive,
  title={Convolutive bottleneck network features for LVCSR},
  author={Vesely, K and Karafi{\'a}t, Martin and Grezl, Frantisek},
  booktitle={Automatic Speech Recognition and Understanding (ASRU), 2011},
  pages={42--47},
  year={2011},
  organization={IEEE}
}
@phdthesis{grezl2007trap,
  title={TRAP-based probabilistic features for automatic speech recognition},
  author={Gr{\'e}zl, Franti{\v{s}}ek},
  year={2007},
  school={Ph. D. thesis, MUNI}
}
@article{gales1998maximum,
  title={Maximum likelihood linear transformations for HMM-based speech recognition},
  author={Gales, Mark JF},
  journal={Computer speech \& language},
  volume={12},
  number={2},
  pages={75--98},
  year={1998},
  publisher={Academic Press}
}
@article{Povey:2011:SGM:1879268.1879660,
 author = {Povey, Daniel and Burget, Luk\'{a}\v{s} and Agarwal, Mohit and Akyazi, Pinar and Kai, Feng and Ghoshal, Arnab and Glembek, Ond\v{r}ej and Goel, Nagendra and Karafi\'{a}t, Martin and Rastrow, Ariya and Rose, Richard C. and Schwarz, Petr and Thomas, Samuel},
 title = {The subspace {G}aussian mixture model-A structured model for speech recognition},
 journal = {Computer Speech \& Language},
 issue_date = {April, 2011},
 volume = {25},
 number = {2},
 month = apr,
 year = {2011},
 issn = {0885-2308},
 pages = {404--439},
 numpages = {36},
 url = {http://dx.doi.org/10.1016/j.csl.2010.06.003},
 doi = {10.1016/j.csl.2010.06.003},
 acmid = {1879660},
 publisher = {Academic Press Ltd.},
 address = {London, UK, UK},
 keywords = {Gaussian Mixture Model, Speech recognition, Subspace Gaussian Mixture Model},
}
@inproceedings{kim2004using,
  title={Using VTLN for broadcast news transcription},
  author={Kim, DY and Umesh, S and Gales, MJF and Hain, T and Woodland, PC},
  booktitle={Proceedings of ICSLP},
  year={2004}
}
@article{lecun1995convolutional,
  title={Convolutional networks for images, speech, and time series},
  author={LeCun, Yann and Bengio, Yoshua},
  journal={The handbook of brain theory and neural networks},
  volume={3361},
  pages={310},
  year={1995},
  publisher={Cambridge, MA: MIT Press}
}
@article{davis1980comparison,
  title={Comparison of parametric representations for monosyllabic word recognition in continuously spoken sentences},
  author={Davis, Steven and Mermelstein, Paul},
  journal={Acoustics, Speech and Signal Processing, IEEE Transactions on},
  volume={28},
  number={4},
  pages={357--366},
  year={1980},
  publisher={IEEE}
}
@article{reynolds2000speaker,
  title={Speaker verification using adapted Gaussian mixture models},
  author={Reynolds, Douglas A and Quatieri, Thomas F and Dunn, Robert B},
  journal={Digital signal processing},
  volume={10},
  number={1},
  pages={19--41},
  year={2000},
  publisher={Elsevier}
}
@inproceedings{hermansky1998traps,
  title={TRAPS-classifiers of temporal patterns.},
  author={Hermansky, Hynek and Sharma, Sangita},
  booktitle={ICSLP},
  year={1998}
}
@article{sainath2014deep,
  title={Deep Convolutional Neural Networks for Large-scale Speech Tasks},
  author={Sainath, Tara N and Kingsbury, Brian and Saon, George and Soltau, Hagen and Mohamed, Abdel-rahman and Dahl, George and Ramabhadran, Bhuvana},
  journal={Neural Networks},
  year={2014},
  publisher={Elsevier}
}
@inproceedings{seide2011conversational,
  title={Conversational Speech Transcription Using Context-Dependent Deep Neural Networks.},
  author={Seide, Frank and Li, Gang and Yu, Dong},
  booktitle={INTERSPEECH},
  pages={437--440},
  year={2011}
}
@inproceedings{saon2001linear,
  title={Linear feature space projections for speaker adaptation},
  author={Saon, George and Zweig, Geoffrey and Padmanabhan, Mukund},
  booktitle={IEEE International Conference on Acoustics, Speech and Signal Processing (ICASSP)},
  volume={1},
  pages={325--328},
  year={2001},
  organization={IEEE}
}
@inproceedings{povey2006feature,
  title={Feature and model space speaker adaptation with full covariance Gaussians.},
  author={Povey, Daniel and Saon, George},
  booktitle={INTERSPEECH},
  year={2006}
}
@article{gales1998maximum,
  title={Maximum likelihood linear transformations for HMM-based speech recognition},
  author={Gales, Mark JF},
  journal={Computer speech \& language},
  volume={12},
  number={2},
  pages={75--98},
  year={1998},
  publisher={Elsevier}
}
@article{dehak2011front,
  title={Front-end factor analysis for speaker verification},
  author={Dehak, Najim and Kenny, Patrick and Dehak, R{\'e}da and Dumouchel, Pierre and Ouellet, Pierre},
  journal={Audio, Speech, and Language Processing, IEEE Transactions on},
  volume={19},
  number={4},
  pages={788--798},
  year={2011},
  publisher={IEEE}
}
@inproceedings{abdel2012applying,
  title={Applying convolutional neural networks concepts to hybrid NN-HMM model for speech recognition},
  author={Abdel-Hamid, Ossama and Mohamed, Abdel-rahman and Jiang, Hui and Penn, Gerald},
  booktitle={IEEE International Conference on Acoustics, Speech and Signal Processing (ICASSP)},
  pages={4277--4280},
  year={2012},
  organization={IEEE}
}
@inproceedings{soltau2014joint,
  title={Joint Training of Convolutional and Non-Convolutional Neural Networks},
  author={Soltau, Hagen and Saon, George and Sainath, Tara N},
  journal={IEEE International Conference on Acoustics, Speech and Signal Processing (ICASSP)},
  year={2014}
}
@inproceedings{sainath2009exploration,
  title={An exploration of large vocabulary tools for small vocabulary phonetic recognition},
  author={Sainath, Tara N and Ramabhadran, Bhuvana and Picheny, Michael},
  booktitle={Automatic Speech Recognition \& Understanding ()ASRU), 2009},
  pages={359--364},
  year={2009},
  organization={IEEE}
}
@article{de2002discriminative,
  title={Discriminative feature weighting for HMM-based continuous speech recognizers},
  author={de la Torre, {\'A}ngel and Peinado, Antonio M and Rubio, Antonio J and Segura, Jos{\'e} C and Ben{\i}tez, Carmen},
  journal={Speech Communication},
  volume={38},
  number={3},
  pages={267--286},
  year={2002},
  publisher={Elsevier}
}
@article{dehzangi2012discriminative,
  title={Discriminative feature extraction for speech recognition using continuous output codes},
  author={Dehzangi, Omid and Ma, Bin and Chng, Eng Siong and Li, Haizhou},
  journal={Pattern Recognition Letters},
  volume={33},
  number={13},
  pages={1703--1709},
  year={2012},
  publisher={Elsevier}
}
@inproceedings{yu2011improved,
  title={Improved Bottleneck Features Using Pretrained Deep Neural Networks.},
  author={Yu, Dong and Seltzer, Michael L},
  booktitle={INTERSPEECH},
  volume={237},
  pages={240},
  year={2011}
}
@inproceedings{kingsbury2009lattice,
  title={Lattice-based optimization of sequence classification criteria for neural-network acoustic modeling},
  author={Kingsbury, Brian},
  booktitle={IEEE International Conference on Acoustics, Speech and Signal Processing (ICASSP)},
  pages={3761--3764},
  year={2009},
  organization={IEEE}
}
@inproceedings{gehring2013modular,
  title={Modular combination of deep neural networks for acoustic modeling.},
  author={Gehring, Jonas and Lee, Wonkyum and Kilgour, Kevin and Lane, Ian R and Miao, Yajie and Waibel, Alex and Campus, Silicon Valley},
  booktitle={INTERSPEECH},
  pages={94--98},
  year={2013}
}
@inproceedings{sainath2012auto,
  title={Auto-encoder bottleneck features using deep belief networks},
  author={Sainath, Tara N and Kingsbury, Brian and Ramabhadran, Bhuvana},
  booktitle={IEEE International Conference on Acoustics, Speech and Signal Processing (ICASSP)},
  pages={4153--4156},
  year={2012},
  organization={IEEE}
}
@inproceedings{liu2014lattice,
  title={Lattice based optimization of bottleneck feature extractor with linear transformation},
  author={Liu, Diyuan and Wei, Si and Guo, Wu and Bao, Yebo and Xiong, Shifu and Dai, Lirong},
  booktitle={IEEE International Conference on Acoustics, Speech and Signal Processing (ICASSP)},
  pages={5617--5621},
  year={2014},
  organization={IEEE}
}
@inproceedings{saon2000maximum,
  title={Maximum likelihood discriminant feature spaces},
  author={Saon, George and Padmanabhan, Mukund and Gopinath, Ramesh and Chen, Scott},
  booktitle={IEEE International Conference on Acoustics, Speech and Signal Processing (ICASSP)},
  volume={2},
  pages={II1129--II1132},
  year={2000},
  organization={IEEE}
}
@inproceedings{povey2005fmpe,
  title={fMPE: Discriminatively Trained Features for Speech Recognition.},
  author={Povey, Daniel and Kingsbury, Brian and Mangu, Lidia and Saon, George and Soltau, Hagen and Zweig, Geoffrey},
  booktitle={IEEE International Conference on Acoustics, Speech and Signal Processing (ICASSP)},
  pages={961--964},
  year={2005}
}
@inproceedings{povey2008boosted,
  title={Boosted {MMI} for model and feature-space discriminative training},
  author={Povey, Daniel and Kanevsky, Dimitri and Kingsbury, Brian and Ramabhadran, Bhuvana and Saon, George and Visweswariah, Karthik},
  booktitle={IEEE International Conference on Acoustics, Speech and Signal Processing (ICASSP)},
  pages={4057--4060},
  year={2008},
  organization={IEEE}
}
@inproceedings{zhang2006discriminatively,
  title={Discriminatively trained region dependent feature transforms for speech recognition},
  author={Zhang, Bing and Matsoukas, Spyros and Schwartz, Richard},
  booktitle={IEEE International Conference on Acoustics, Speech and Signal Processing (ICASSP)},
  volume={1},
  pages={I--I},
  year={2006},
  organization={IEEE}
}
@inproceedings{haeb1992linear,
  title={Linear discriminant analysis for improved large vocabulary continuous speech recognition},
  author={Haeb-Umbach, Reinhold and Ney, Hermann},
  booktitle={IEEE International Conference on Acoustics, Speech and Signal Processing (ICASSP)},
  volume={1},
  pages={13--16},
  year={1992},
  organization={IEEE}
}
@article{kumar1998heteroscedastic,
  title={Heteroscedastic discriminant analysis and reduced rank HMMs for improved speech recognition},
  author={Kumar, Nagendra and Andreou, Andreas G},
  journal={Speech communication},
  volume={26},
  number={4},
  pages={283--297},
  year={1998},
  publisher={Elsevier}
}
@article{povey2011subspace,
  title={The subspace Gaussian mixture model-A structured model for speech recognition},
  author={Povey, Daniel and Burget, Luk{\'a}{\v{s}} and Agarwal, Mohit and Akyazi, Pinar and Kai, Feng and Ghoshal, Arnab and Glembek, Ond{\v{r}}ej and Goel, Nagendra and Karafi{\'a}t, Martin and Rastrow, Ariya and others},
  journal={Computer Speech and Language},
  volume={25},
  number={2},
  pages={404--439},
  year={2011},
  publisher={Elsevier}
}
@inproceedings{povey2011kaldi,
  title={The Kaldi speech recognition toolkit},
  author={Povey, Daniel and Ghoshal, Arnab and Boulianne, Gilles and Burget, Lukas and Glembek, Ondrej and Goel, Nagendra and Hannemann, Mirko and Motlicek, Petr and Qian, Yanmin and Schwarz, Petr and others},
  booktitle={ Automatic Speech Recognition and Understanding, 2011 IEEE Workshop on},
  pages={1-4},
  year={2011},
  organization={IEEE}
}
@inproceedings{zhang2006discriminatively,
  title={Discriminatively trained region dependent feature transforms for speech recognition},
  author={Zhang, Bing and Matsoukas, Spyros and Schwartz, Richard},
  booktitle={IEEE International Conference on Acoustics, Speech and Signal Processing (ICASSP)},
  volume={1},
  pages={I--I},
  year={2006},
  organization={IEEE}
}
@book{bourlard1994connectionist,
  title={Connectionist speech recognition: a hybrid approach},
  author={Bourlard, Herve A and Morgan, Nelson},
  volume={247},
  year={1994},
  publisher={Springer Science \& Business Media}
}
@inproceedings{hermansky2000tandem,
  title={Tandem connectionist feature extraction for conventional HMM systems},
  author={Hermansky, Hynek and Ellis, Daniel PW and Sharma, Sangita},
  booktitle={IEEE International Conference on Acoustics, Speech and Signal Processing (ICASSP)},
  volume={3},
  pages={1635--1638},
  year={2000},
  organization={IEEE}
}
@inproceedings{vesely2013sequence,
  title={Sequence-discriminative training of deep neural networks.},
  author={Vesel{\`y}, Karel and Ghoshal, Arnab and Burget, Luk{\'a}s and Povey, Daniel},
  booktitle={INTERSPEECH},
  pages={2345--2349},
  year={2013}
}
@article{mohamed2012acoustic,
  title={Acoustic modeling using deep belief networks},
  author={Mohamed, Abdel-rahman and Dahl, George E and Hinton, Geoffrey},
  journal={Audio, Speech, and Language Processing, IEEE Transactions on},
  volume={20},
  number={1},
  pages={14--22},
  year={2012},
  publisher={IEEE}
}
@inproceedings{mohamed2011deep,
  title={Deep belief networks using discriminative features for phone recognition},
  author={Mohamed, Abdel-rahman and Sainath, Tara N and Dahl, George and Ramabhadran, Bhuvana and Hinton, Geoffrey E and Picheny, Michael A},
  booktitle={IEEE International Conference on Acoustics, Speech and Signal Processing (ICASSP)},
  pages={5060--5063},
  year={2011},
  organization={IEEE}
}
@inproceedings{burget2010multilingual,
  title={Multilingual acoustic modeling for speech recognition based on subspace Gaussian mixture models},
  author={Burget, Lukas and Schwarz, Petr and Agarwal, Mohit and Akyazi, Pinar and Feng, Kai and Ghoshal, Arnab and Glembek, Ondrej and Goel, Nagendra and Karafi{\'a}t, Martin and Povey, Daniel and others},
  booktitle={IEEE International Conference on Acoustics, Speech and Signal Processing (ICASSP)},
  pages={4334--4337},
  year={2010},
  organization={IEEE}
}
@inproceedings{godfrey1992switchboard,
  title={SWITCHBOARD: Telephone speech corpus for research and development},
  author={Godfrey, John J and Holliman, Edward C and McDaniel, Jane},
  booktitle={IEEE International Conference on Acoustics, Speech and Signal Processing (ICASSP)},
  volume={1},
  pages={517--520},
  year={1992},
  organization={IEEE}
}
@inproceedings{paul1992design,
  title={The design for the {W}all {S}treet {J}ournal-based {CSR} corpus},
  author={Paul, Douglas B and Baker, Janet M},
  booktitle={Proc. of the workshop on Speech and Natural Language},
  pages={357--362},
  year={1992},
  organization={Association for Computational Linguistics}
}
@inproceedings{saon2013speaker,
  title={Speaker adaptation of neural network acoustic models using i-vectors},
  author={Saon, George and Soltau, Hagen and Nahamoo, David and Picheny, Michael},
  booktitle={ Automatic Speech Recognition and Understanding, 2013 IEEE Workshop on},
  pages={55--59},
  year={2013},
  organization={IEEE}
}
@inproceedings{ghalehjegh2013phonetic,
  title={Phonetic subspace adaptation for automatic speech recognition.},
  author={Ghalehjegh, Sina Hamidi and Rose, Richard C},
  booktitle={IEEE International Conference on Acoustics, Speech and Signal Processing (ICASSP)},
  pages={7937--7941},
  year={2013},
organization={IEEE}
}
@inproceedings{rath2013improved,
  title={Improved feature processing for deep neural networks.},
  author={Rath, Shakti P and Povey, Daniel and Vesel{\`y}, Karel and Cernock{\`y}, Jan},
  booktitle={Proc. INTERSPEECH},
  pages={109--113},
  year={2013},
organization={IEEE}
}
@inproceedings{grezl2007probabilistic,
  title={Probabilistic and Bottle-Neck Features for LVCSR of Meetings.},
  author={Grezl, Frantisek and Karafi{\'a}t, Martin and Kont{\'a}r, Stanislav and Cernock{\`y}, Jan},
  booktitle={IEEE International Conference on Acoustics, Speech and Signal Processing (ICASSP)},
  pages={757--760},
  year={2007},
  organization={IEEE}
}
@inproceedings{sainath2012auto,
  title={Auto-encoder bottleneck features using deep belief networks},
  author={Sainath, Tara N and Kingsbury, Brian and Ramabhadran, Bhuvana},
  booktitle={IEEE International Conference on Acoustics, Speech and Signal Processing (ICASSP)},
  pages={4153--4156},
  year={2012},
  organization={IEEE}
}
@inproceedings{grezl2014adaptation,
  title={Adaptation of multilingual stacked bottle-neck neural network structure for new language},
  author={Gr{\'e}zl, Frantisek and Karafi{\'a}t, Martin and Vesel{\`y}, Karel},
  booktitle={IEEE International Conference on Acoustics, Speech and Signal Processing (ICASSP)},
  year={2014},
  organization={IEEE}
}
@Inproceedings {export:118813,
abstract     = {<p>We describe an acoustic modeling approach in which all phonetic states share a
                common Gaussian Mixture Model structure, and the means and mixture weights vary
                in a subspace of the total parameter space.  We call this a Subspace Gaussian
                Mixture Model (SGMM). Globally shared parameters define the subspace.  This style
                of acoustic model allows for a much more compact representation and gives better
                results than a conventional modeling approach, particularly with smaller amounts
                of training data.</p>},
author       = {Daniel Povey and Lukas Burget and Mohit Agarwal and Pinar Akyazi and Kai Feng and
                Arnab Ghoshal and Ondrej Glembek and Nagendra Kumar Goel and Martin Karafiat and
                Ariya Rastrow and Richard C. Rose and Petr Schwarz and Samuel Thomas},
booktitle    = {International Conference on Acoustics, Speech, and Signal Processing},
title        = {Subspace Gaussian Mixture Models for Speech Recognition},
url          = {http://research.microsoft.com/apps/pubs/default.aspx?id=118813},
year         = {2010},
}
@article{garofolo1993darpa,
  title={DARPA TIMIT acoustic-phonetic continous speech corpus CD-ROM. NIST speech disc 1-1.1},
  author={Garofolo, John S and Lamel, Lori F and Fisher, William M and Fiscus, Jonathon G and Pallett, David S},
  journal={NASA STI/Recon Technical Report N},
  volume={93},
  pages={27403},
  year={1993}
}
@inproceedings{grezl2008optimizing,
  title={Optimizing bottle-neck features for LVCSR},
  author={Grezl, Frantisek and Fousek, Petr},
  booktitle={IEEE International Conference on Acoustics, Speech and Signal Processing (ICASSP)},
  pages={4729-4732},
  year={2008},
  organization={IEEE}
}
@inproceedings{bmk,
  title={Improved Deep Neural Network using state projection Vectors of SGMM as features},
  author={Karthick, Baskar M and Umesh, S},
  booktitle={to be presented at SLT 2014, Nevada, USA, 2014.},
  year={2014},
  organization={IEEE}
}
@inproceedings{sainath2012auto,
  title={Auto-encoder bottleneck features using deep belief networks},
  author={Sainath, Tara N and Kingsbury, Brian and Ramabhadran, Bhuvana},
  booktitle={IEEE International Conference on Acoustics, Speech and Signal Processing (ICASSP)},
  pages={4153--4156},
  year={2012},
  organization={IEEE}
}
@inproceedings{zhangextracting,
  title={EXTRACTING DEEP NEURAL NETWORK BOTTLENECK FEATURES USING LOW-RANK MATRIX FACTORIZATION},
  author={Zhang, Yu and Chuangsuwanich, Ekapol and Glass, James},
 booktitle={IEEE International Conference on Acoustics, Speech and Signal Processing (ICASSP)},
pages={185-189},
year={2014},
 organization={IEEE}
}
@inproceedings{huang2014kernel,
  title={Kernel methods match deep neural networks on timit},
  author={Huang, Po-Sen and Avron, Haim and Sainath, Tara N and Sindhwani, Vikas and Ramabhadran, Bhuvana},
  booktitle={IEEE International Conference on Acoustics, Speech and Signal Processing (ICASSP)},
  volume={1},
  pages={6},
  year={2014},
  organization={IEEE}
}
@article{zhang2015feedforward,
  title={Feedforward sequential memory networks: A new structure to learn long-term dependency},
  author={Zhang, Shiliang and Liu, Cong and Jiang, Hui and Wei, Si and Dai, Lirong and Hu, Yu},
  journal={arXiv preprint arXiv:1512.08301},
  year={2015}
}
@article{raffel2015feed,
  title={Feed-Forward Networks with Attention Can Solve Some Long-Term Memory Problems},
  author={Raffel, Colin and Ellis, Daniel PW},
  journal={arXiv preprint arXiv:1512.08756},
  year={2015}
}
@inproceedings{vesel2016sequence,
  title={Sequence summarizing neural network for speaker adaptation},
  author={Vesel, Karel and Watanabe, Shinji and Karafi, Martin and Honza, Jan and others},
  booktitle={IEEE International Conference on Acoustics, Speech and Signal Processing (ICASSP)},
  pages={5315--5319},
  year={2016},
  organization={IEEE}
}
@inproceedings{peddinti2015time,
  title={A time delay neural network architecture for efficient modeling of long temporal contexts},
  author={Peddinti, Vijayaditya and Povey, Daniel and Khudanpur, Sanjeev},
  booktitle={INTERSPEECH},
  pages={2440--2444},
  year={2015},
  organization={ISCA}
}
@article{hochreiter1997long,
  title={Long short-term memory},
  author={Hochreiter, Sepp and Schmidhuber, J{\"u}rgen},
  journal={Neural computation},
  volume={9},
  number={8},
  pages={1735--1780},
  year={1997},
  publisher={MIT Press}
}
@article{he2015deep,
  title={Deep residual learning for image recognition},
  author={He, Kaiming and Zhang, Xiangyu and Ren, Shaoqing and Sun, Jian},
  journal={arXiv preprint arXiv:1512.03385},
  year={2015}
}
@inproceedings{ghahremani2016linearly,
  title={Linearly augmented deep neural network},
  author={Ghahremani, Pegah and Droppo, Jasha and Seltzer, Michael L},
  booktitle={ICASSP, 2016},
  pages={5085--5089},
  year={2016},
  organization={IEEE}
}
@article{schuster1997bidirectional,
  title={Bidirectional recurrent neural networks},
  author={Schuster, Mike and Paliwal, Kuldip K},
  journal={IEEE Transactions on Signal Processing},
  volume={45},
  number={11},
  pages={2673--2681},
  year={1997},
  publisher={IEEE}
}
@inproceedings{graves2014towards,
  title={Towards End-To-End Speech Recognition with Recurrent Neural Networks.},
  author={Graves, Alex and Jaitly, Navdeep},
  booktitle={ICML},
  volume={14},
  pages={1764--1772},
  year={2014}
}
@techreport{yu2014introduction,
  title={An introduction to computational networks and the computational network toolkit},
  author={Yu, Dong and Eversole, Adam and Seltzer, Mike and Yao, Kaisheng and Huang, Zhiheng and Guenter, Brian and Kuchaiev, Oleksii and Zhang, Yu and Seide, Frank and Wang, Huaming and others},
  year={2014},
  institution={Technical report, Tech. Rep. MSR, Microsoft Research, 2014, 2014. research. microsoft. com/apps/pubs}
}
@inproceedings{zhang2016highway,
  title={Highway long short-term memory RNNS for distant speech recognition},
  author={Zhang, Yu and Chen, Guoguo and Yu, Dong and Yaco, Kaisheng and Khudanpur, Sanjeev and Glass, James},
  booktitle={IEEE International Conference on Acoustics, Speech and Signal Processing (ICASSP)},
  pages={5755--5759},
  year={2016},
  organization={IEEE}
}
@inproceedings{tan2016speaker,
  title={Speaker-aware training of LSTM-RNNS for acoustic modelling},
  author={Tan, Tian and Qian, Yanmin and Yu, Dong and Kundu, Souvik and Lu, Liang and Sim, Khe Chai and Xiao, Xiong and Zhang, Yu},
  booktitle={ICASSP, 2016},
  pages={5280--5284},
  year={2016},
  organization={IEEE}
}
@inproceedings{miao2015speaker,
  title={On speaker adaptation of long short-term memory recurrent neural networks},
  author={Miao, Yajie and Metze, Florian},
  booktitle={INTERSPEECH},
  year={2015}
}
@article{povey2016purely,
  title={Purely sequence-trained neural networks for ASR based on lattice-free MMI},
  author={Povey, Daniel and Peddinti, Vijayaditya and Galvez, Daniel and Ghahrmani, Pegah and Manohar, Vimal and Na, Xingyu and Wang, Yiming and Khudanpur, Sanjeev},
  journal={INTERSPEECH},
  year={2016}
}
@inproceedings{saon2014unfolded,
  title={Unfolded recurrent neural networks for speech recognition.},
  author={Saon, George and Soltau, Hagen and Emami, Ahmad and Picheny, Michael},
  booktitle={INTERSPEECH},
  pages={343--347},
  year={2014}
}
@article{saon2015ibm,
  title={The ibm 2015 english conversational telephone speech recognition system},
  author={Saon, George and Kuo, Hong-Kwang J and Rennie, Steven and Picheny, Michael},
  journal={arXiv preprint arXiv:1505.05899},
  year={2015}
}
@article{saon2016ibm,
  author    = {George Saon and
               Tom Sercu and
               Steven J. Rennie and
               Hong{-}Kwang Jeff Kuo},
  title     = {The {IBM} 2016 English Conversational Telephone Speech Recognition
               System},
  journal   = {CoRR},
  volume    = {abs/1604.08242},
  year      = {2016},
  url       = {http://arxiv.org/abs/1604.08242},
  timestamp = {Mon, 02 May 2016 18:22:52 +0200},
  biburl    = {http://dblp.uni-trier.de/rec/bib/journals/corr/SaonSRK16},
  bibsource = {dblp computer science bibliography, http://dblp.org}
}
@inproceedings{sak2014long,
  title={Long short-term memory recurrent neural network architectures for large scale acoustic modeling.},
  author={Sak, Hasim and Senior, Andrew W and Beaufays, Fran{\c{c}}oise},
  booktitle={INTERSPEECH},
  pages={338--342},
  year={2014}
}
@article{pascanu2013construct,
  title={How to construct deep recurrent neural networks},
  author={Pascanu, Razvan and Gulcehre, Caglar and Cho, Kyunghyun and Bengio, Yoshua},
  journal={arXiv preprint arXiv:1312.6026},
  year={2013}
}
@inproceedings{mohamed2015deep,
  title={Deep bi-directional recurrent networks over spectral windows},
  author={Mohamed, Abdel-rahman and Seide, Frank and Yu, Dong and Droppo, Jasha and Stoicke, Andreas and Zweig, Geoffrey and Penn, Gerald},
  booktitle={Automatic Speech Recognition and Understanding (ASRU)},
  pages={78--83},
  year={2015},
  organization={IEEE}
}
@article{dalmia2018sequence,
  title={Sequence-based Multi-lingual Low Resource Speech Recognition},
  author={Dalmia, Siddharth and Sanabria, Ramon and Metze, Florian and Black, Alan W},
  journal={arXiv preprint arXiv:1802.07420},
  year={2018}
}
@inproceedings{toshniwal2017multilingual,
  title={Multilingual speech recognition with a single end-to-end model},
  author={Toshniwal, Shubham and Sainath, Tara N and Weiss, Ron J and Li, Bo and Moreno, Pedro and Weinstein, Eugene and Rao, Kanishka},
  booktitle={ICASSP, 2018},
  year={2018}
}

@article{hori2017advances,
  title={Advances in joint {CTC}-attention based end-to-end speech recognition with a deep CNN encoder and {RNN-LM}},
  author={Hori, Takaaki and Watanabe, Shinji and Zhang, Yu and Chan, William},
  journal={arXiv preprint arXiv:1706.02737},
  year={2017}
}
@article{tong2017multilingual,
  title={Multilingual Training and Cross-lingual Adaptation on {CTC}-based Acoustic Model},
  author={Tong, Sibo and Garner, Philip N and Bourlard, Herv{\'e}},
  journal={arXiv preprint arXiv:1711.10025},
  year={2017}
}
@inproceedings{sutskever2014sequence,
  title={Sequence to sequence learning with neural networks},
  author={Sutskever, Ilya and Vinyals, Oriol and Le, Quoc V},
  booktitle={Advances in neural information processing systems},
  pages={3104--3112},
  year={2014}
}
@article{cho2014learning,
  title={Learning phrase representations using {RNN} encoder-decoder for statistical machine translation},
  author={Cho, Kyunghyun and Van Merri{\"e}nboer, Bart and Gulcehre, Caglar and Bahdanau, Dzmitry and Bougares, Fethi and Schwenk, Holger and Bengio, Yoshua},
  journal={arXiv preprint arXiv:1406.1078},
  year={2014}
}

@inproceedings{chorowski2015attention,
	  title={Attention-based models for speech recognition},
	    author={Chorowski, Jan K and Bahdanau, Dzmitry and Serdyuk, Dmitriy and Cho, Kyunghyun and Bengio, Yoshua},
	      booktitle={Advances in neural information processing systems},
	        pages={577--585},
		  year={2015}
}
@inproceedings{chan2016listen,
	  title={Listen, attend and spell: A neural network for large vocabulary conversational speech recognition},
	    author={Chan, William and Jaitly, Navdeep and Le, Quoc and Vinyals, Oriol},
	      booktitle={ICASSP, 2017},
	        pages={4960--4964},
		  year={2016},
		    organization={IEEE}
}
@incollection{graves2012supervised,
	  title={Supervised sequence labelling},
	    author={Graves, Alex},
	      booktitle={Supervised sequence labelling with recurrent neural networks},
	        pages={5--13},
		  year={2012},
		    publisher={Springer}
}
@inproceedings{rosenberg2017end,
	  title={End-to-end speech recognition and keyword search on low-resource languages},
	    author={Rosenberg, Andrew and Audhkhasi, Kartik and Sethy, Abhinav and Ramabhadran, Bhuvana and Picheny, Michael},
	      booktitle={ICASSP, 2017},
	        pages={5280--5284},
		  year={2017},
		    organization={IEEE}
}
@inproceedings{swietojanski2014learning,
	  title={Learning hidden unit contributions for unsupervised speaker adaptation of neural network acoustic models},
	    author={Swietojanski, Pawel and Renals, Steve},
	      booktitle={Spoken Language Technology Workshop (SLT), 2014 IEEE},
	        pages={171--176},
		  year={2014},
		    organization={IEEE}
}
@inproceedings{muller2017language,
	  title={Language adaptive multilingual {CTC} speech recognition},
	    author={M{\"u}ller, Markus and St{\"u}ker, Sebastian and Waibel, Alex},
	      booktitle={International Conference on Speech and Computer},
	        pages={473--482},
		  year={2017},
		    organization={Springer}
}
@inproceedings{sperber18interspeech,
	    title = {Self-attentional Acoustic Models},
	    author = {Matthias Sperber and Jan Niehues and Graham Neubig and Sebastian Stüker and Alex Waibel},
	    booktitle = {19th Annual Conference of the International Speech Communication Association (InterSpeech 2018)},
	    year = {2018}
}
@article{DBLP:journals/corr/abs-1712-05382,
	  author    = {Chung{-}Cheng Chiu and
		                 Colin Raffel},
	    title     = {Monotonic Chunkwise Attention},
	      journal   = {CoRR},
	        volume    = {abs/1712.05382},
		  year      = {2017},
		    url       = {http://arxiv.org/abs/1712.05382},
		      archivePrefix = {arXiv},
		        eprint    = {1712.05382},
			  timestamp = {Thu, 04 Jan 2018 12:38:35 +0100},
			    biburl    = {https://dblp.org/rec/bib/journals/corr/abs-1712-05382},
			      bibsource = {dblp computer science bibliography, https://dblp.org}
}
@article{watanabe2017hybrid,
	  title={Hybrid {CTC}/attention architecture for end-to-end speech recognition},
	    author={Watanabe, Shinji and Hori, Takaaki and Kim, Suyoun and Hershey, John R and Hayashi, Tomoki},
	      journal={IEEE Journal of Selected Topics in Signal Processing},
	        volume={11},
		  number={8},
		    pages={1240--1253},
		      year={2017},
		        publisher={IEEE}
}
@inproceedings{karafiat2016multilingual,
	  title={Multilingual BLSTM and speaker-specific vector adaptation in 2016 but babel system},
	    author={Karafi{\'a}t, Martin and Baskar, Murali Karthick and Mat{\v{e}}jka, Pavel and Vesel{\`y}, Karel and Gr{\'e}zl, Franti{\v{s}}ek and {\v{C}}ernocky, Jan},
	      booktitle={Spoken Language Technology Workshop (SLT), 2016 IEEE},
	        pages={637--643},
		  year={2016},
		    organization={IEEE}
}
@inproceedings{mikolov2011rnnlm,
	  title={{RNNLM}-recurrent neural network language modeling toolkit},
	    author={Mikolov, Tomas and Kombrink, Stefan and Deoras, Anoop and Burget, Lukar and Cernocky, Jan},
	      booktitle={Proc. of the 2011 ASRU Workshop},
	        pages={196--201},
		  year={2011}
}
@techreport{tong2017investigation,
	  title={An investigation of deep neural networks for multilingual speech recognition training and adaptation},
	    author={Tong, Sibo and Garner, Philip N and Bourlard, Herv{\'e}},
	      year={2017}
}
@inproceedings{bengio2015scheduled,
	  title={Scheduled sampling for sequence prediction with recurrent neural networks},
	    author={Bengio, Samy and Vinyals, Oriol and Jaitly, Navdeep and Shazeer, Noam},
	      booktitle={Advances in Neural Information Processing Systems},
	        pages={1171--1179},
		  year={2015}
}
@article{vgg,
	author = {Simonyan, Karen and Zisserman, Andrew},
	year = {2014},
	month = {09},
	pages = {},
	title = {Very Deep Convolutional Networks for Large-Scale Image Recognition},
	booktitle = {arXiv 1409.1556}
}
@INPROCEEDINGS{vggspeech1,
	author={Y. Zhang and W. Chan and N. Jaitly},
	booktitle={ICASSP, 2017},
	title={Very deep convolutional networks for end-to-end speech recognition},
	year={2017},
	volume={},
	number={},
	pages={4845-4849},
	doi={10.1109/ICASSP.2017.7953077},
	ISSN={},
	month={March},}
@INPROCEEDINGS{vggspeech2,
	author = {Zhang, Ying and Pezeshki, Mohammad and Brakel, Phil\'{e}mon and Zhang, Saizheng and Laurent, C\'{e}sar and Bengio, Y and Courville, Aaron},
	year = {2016},
	month = {September},
	pages = {},
	title = {Towards End-to-End Speech Recognition with Deep Convolutional Neural Networks},
	doi={10.21437/Interspeech.2016-1446},
	pages={410-414}
}
@inproceedings{locatt,
title = "Attention-based models for speech recognition",
author = "Jan Chorowski and Dzmitry Bahdanau and Dmitriy Serdyuk and Kyunghyun Cho and Yoshua Bengio",
year = "2015",
language = "English (US)",
volume = "2015-January",
pages = "577--585",
booktitle = "Advances in Neural Information Processing Systems",
publisher = "Neural information processing systems foundation",
}
@article{chorowski2014end,
  title={End-to-end continuous speech recognition using attention-based recurrent {NN}: first results},
  author={Chorowski, Jan and Bahdanau, Dzmitry and Cho, Kyunghyun and Bengio, Yoshua},
  journal={arXiv preprint arXiv:1412.1602},
  year={2014}
}
@article{lu2017multitask,
  title={Multitask Learning with CTC and Segmental CRF for Speech Recognition},
  author={Lu, Liang and Kong, Lingpeng and Dyer, Chris and Smith, Noah A},
  journal={arXiv preprint arXiv:1702.06378},
  year={2017}
}
@inproceedings{graves2006connectionist,
  title={Connectionist temporal classification: labelling unsegmented sequence data with recurrent neural networks},
  author={Graves, Alex and Fern{\'a}ndez, Santiago and Gomez, Faustino and Schmidhuber, J{\"u}rgen},
  booktitle={Proceedings of the 23rd international conference on Machine learning},
  pages={369--376},
  year={2006},
  organization={ACM}
}
@article{graves2012sequence,
  title={Sequence transduction with recurrent neural networks},
  author={Graves, Alex},
  journal={arXiv preprint arXiv:1211.3711},
  year={2012}
}
@inproceedings{sak2017recurrent,
  title={Recurrent neural aligner: An encoder-decoder neural network model for sequence to sequence mapping},
  author={Sak, Hasim and Shannon, Matt and Rao, Kanishka and Beaufays, Fran{\c{c}}oise},
  booktitle={Proc. Interspeech},
  pages={1298--1302},
  year={2017}
}
@inproceedings{bahdanau2016end,
  title={End-to-end attention-based large vocabulary speech recognition},
  author={Bahdanau, Dzmitry and Chorowski, Jan and Serdyuk, Dmitriy and Brakel, Philemon and Bengio, Yoshua},
  booktitle={ICASSP, 2016},
  pages={4945--4949},
  year={2016},
  organization={IEEE}
}
@inproceedings{miao2015eesen,
  title={EESEN: End-to-end speech recognition using deep RNN models and WFST-based decoding},
  author={Miao, Yajie and Gowayyed, Mohammad and Metze, Florian},
  booktitle={Automatic Speech Recognition and Understanding (ASRU), 2015 IEEE Workshop on},
  pages={167--174},
  year={2015},
  organization={IEEE}
}
@article{dahl2012context,
  title={Context-dependent pre-trained deep neural networks for large-vocabulary speech recognition},
  author={Dahl, George E and Yu, Dong and Deng, Li and Acero, Alex},
  journal={IEEE Transactions on audio, speech, and language processing},
  volume={20},
  number={1},
  pages={30--42},
  year={2012},
  publisher={IEEE}
}
@article{bahl1989tree,
  title={A tree-based statistical language model for natural language speech recognition},
  author={Bahl, Lalit R and Brown, Peter F and de Souza, Peter V and Mercer, Robert L},
  journal={IEEE Transactions on Acoustics, Speech, and Signal Processing},
  volume={37},
  number={7},
  pages={1001--1008},
  year={1989},
  publisher={IEEE}
}
@inproceedings{mikolov2010recurrent,
  title={Recurrent neural network based language model},
  author={Mikolov, Tom{\'a}{\v{s}} and Karafi{\'a}t, Martin and Burget, Luk{\'a}{\v{s}} and {\v{C}}ernock{\`y}, Jan and Khudanpur, Sanjeev},
  booktitle={Eleventh Annual Conference of the International Speech Communication Association},
  year={2010}
}

@inproceedings{hori-interspeech-2017,
  author = {Takaaki Hori and Shinji Watanabe and Yu Zhang and William Chan},
  title = {Advances in Joint {CTC}-Attention based End-to-End Speech Recognition with a Deep {CNN} Encoder and {RNN-LM}},
  year = {2017},
  booktitle = {INTERSPEECH}
}

@article{bahdanau2014neural,
  title={Neural machine translation by jointly learning to align and translate},
  author={Bahdanau, Dzmitry and Cho, Kyunghyun and Bengio, Yoshua},
  journal={arXiv preprint arXiv:1409.0473},
  year={2014}
}

@article{luong2015effective,
  title={Effective approaches to attention-based neural machine translation},
  author={Luong, Minh-Thang and Pham, Hieu and Manning, Christopher D},
  journal={arXiv preprint arXiv:1508.04025},
  year={2015}
}
@article{halsearch,
  author    = {Hal Daum{\'{e}} III and
               John Langford and
               Daniel Marcu},
  title     = {Search-based Structured Prediction},
  journal   = {CoRR},
  volume    = {abs/0907.0786},
  year      = {2009},
  url       = {http://arxiv.org/abs/0907.0786},
  archivePrefix = {arXiv},
  eprint    = {0907.0786},
  timestamp = {Mon, 13 Aug 2018 16:46:41 +0200},
  biburl    = {https://dblp.org/rec/bib/journals/corr/abs-0907-0786},
  bibsource = {dblp computer science bibliography, https://dblp.org}
}
}
@inproceedings{prabhavalkar2018minimum,
  title={Minimum word error rate training for attention-based sequence-to-sequence models},
  author={Prabhavalkar, Rohit and Sainath, Tara N and Wu, Yonghui and Nguyen, Patrick and Chen, Zhifeng and Chiu, Chung-Cheng and Kannan, Anjuli},
  booktitle={ICASSP, 2018},
  pages={4839--4843},
  year={2018},
  organization={IEEE}
}
@article{ranzato2015sequence,
  title={Sequence level training with recurrent neural networks},
  author={Ranzato, Marc'Aurelio and Chopra, Sumit and Auli, Michael and Zaremba, Wojciech},
  journal={arXiv preprint arXiv:1511.06732},
  year={2015}
}
@article{bahdanau2016actor,
  title={An actor-critic algorithm for sequence prediction},
  author={Bahdanau, Dzmitry and Brakel, Philemon and Xu, Kelvin and Goyal, Anirudh and Lowe, Ryan and Pineau, Joelle and Courville, Aaron and Bengio, Yoshua},
  journal={arXiv preprint arXiv:1607.07086},
  year={2016}
}
@article{bahdanau2015task,
  title={Task loss estimation for sequence prediction},
  author={Bahdanau, Dzmitry and Serdyuk, Dmitriy and Brakel, Phil{\'e}mon and Ke, Nan Rosemary and Chorowski, Jan and Courville, Aaron and Bengio, Yoshua},
  journal={arXiv preprint arXiv:1511.06456},
  year={2015}
}
@article{sabour2018optimal,
  title={Optimal Completion Distillation for Sequence Learning},
  author={Sabour, Sara and Chan, William and Norouzi, Mohammad},
  journal={arXiv preprint arXiv:1810.01398},
  year={2018}
}
@inproceedings{povey2002minimum,
  title={Minimum phone error and I-smoothing for improved discriminative training},
  author={Povey, Daniel and Woodland, Philip C},
  booktitle={ICASSP, 2002},
  volume={1},
  pages={I--105},
  year={2002},
  organization={IEEE}
}
@inproceedings{su2013error,
  title={Error back propagation for sequence training of context-dependent deep networks for conversational speech transcription},
  author={Su, Hang and Li, Gang and Yu, Dong and Seide, Frank},
  booktitle={ICASSP, 2013},
  pages={6664--6668},
  year={2013},
  organization={IEEE}
}
@article{gimpel2010softmax,
  title={Softmax-margin training for structured log-linear models},
  author={Gimpel, Kevin and Smith, Noah A},
  year={2010},
  publisher={Citeseer}
}
@article{wiseman2016sequence,
  title={Sequence-to-sequence learning as beam-search optimization},
  author={Wiseman, Sam and Rush, Alexander M},
  journal={arXiv preprint arXiv:1606.02960},
  year={2016}
}
@inproceedings{daume2005learning,
  title={Learning as search optimization: Approximate large margin methods for structured prediction},
  author={Daum{\'e} III, Hal and Marcu, Daniel},
  booktitle={Proceedings of the 22nd international conference on Machine learning},
  pages={169--176},
  year={2005},
  organization={ACM}
}
@article{tsochantaridis2005large,
  title={Large margin methods for structured and interdependent output variables},
  author={Tsochantaridis, Ioannis and Joachims, Thorsten and Hofmann, Thomas and Altun, Yasemin},
  journal={Journal of machine learning research},
  volume={6},
  number={Sep},
  pages={1453--1484},
  year={2005}
}
@article{duchi2011adaptive,
  title={Adaptive subgradient methods for online learning and stochastic optimization},
  author={Duchi, John and Hazan, Elad and Singer, Yoram},
  journal={Journal of Machine Learning Research},
  volume={12},
  number={Jul},
  pages={2121--2159},
  year={2011}
}
@article{williams1989learning,
  title={A learning algorithm for continually running fully recurrent neural networks},
  author={Williams, Ronald J and Zipser, David},
  journal={Neural computation},
  volume={1},
  number={2},
  pages={270--280},
  year={1989},
  publisher={MIT Press}
}
@incollection{NIPS2011_4184,
title = {Maximum Margin Multi-Label Structured Prediction},
author = {Lampert, Christoph H},
booktitle = {Advances in Neural Information Processing Systems 24},
editor = {J. Shawe-Taylor and R. S. Zemel and P. L. Bartlett and F. Pereira and K. Q. Weinberger},
pages = {289--297},
year = {2011},
publisher = {Curran Associates, Inc.},
url = {http://papers.nips.cc/paper/4184-maximum-margin-multi-label-structured-prediction.pdf}
}
@misc{voxforge,
  title = {{Voxforge.org}, "{F}ree  speech  recognition"},
  howpublished = {\url{http://www.voxforge.org/}},
  note = {Accessed: 2014-06-25}
}
@article{DBLP:journals/corr/KingmaB14,
  author    = {Diederik P. Kingma and
               Jimmy Ba},
  title     = {Adam: {A} Method for Stochastic Optimization},
  journal   = {CoRR},
  volume    = {abs/1412.6980},
  year      = {2014},
  url       = {http://arxiv.org/abs/1412.6980},
  archivePrefix = {arXiv},
  eprint    = {1412.6980},
  timestamp = {Mon, 13 Aug 2018 16:47:35 +0200},
  biburl    = {https://dblp.org/rec/bib/journals/corr/KingmaB14},
  bibsource = {dblp computer science bibliography, https://dblp.org}
}
@article{Hori2017MultilevelLM,
  title={Multi-level language modeling and decoding for open vocabulary end-to-end speech recognition},
  author={Takaaki Hori and Shinji Watanabe and John R. Hershey},
  journal={2017 IEEE Automatic Speech Recognition and Understanding Workshop (ASRU)},
  year={2017},
  pages={287-293}
}
@inproceedings{zhang2017very,
  title={Very deep convolutional networks for end-to-end speech recognition},
  author={Zhang, Yu and Chan, William and Jaitly, Navdeep},
  booktitle={ICASSP, 2017},
  pages={4845--4849},
  year={2017},
  organization={IEEE}
}
@article{zeilerAdaDelta,
  author    = {Matthew D. Zeiler},
  title     = {{ADADELTA:} An Adaptive Learning Rate Method},
  journal   = {CoRR},
  volume    = {abs/1212.5701},
  year      = {2012},
  url       = {http://arxiv.org/abs/1212.5701},
  archivePrefix = {arXiv},
  eprint    = {1212.5701},
  timestamp = {Mon, 13 Aug 2018 16:45:57 +0200},
  biburl    = {https://dblp.org/rec/bib/journals/corr/abs-1212-5701},
  bibsource = {dblp computer science bibliography, https://dblp.org}
}
@article{hori2018end,
  title={End-to-end Speech Recognition with Word-based {RNN} Language Models},
  author={Hori, Takaaki and Cho, Jaejin and Watanabe, Shinji},
  journal={arXiv preprint arXiv:1808.02608},
  year={2018}
}
@article{hadian2018end,
  title={End-to-end speech recognition using lattice-free {MMI}},
  author={Hadian, Hossein and Sameti, Hossein and Povey, Daniel and Khudanpur, Sanjeev},
  journal={Proc. Interspeech 2018},
  pages={12--16},
  year={2018}
}

